<record><leader>00000cas a22000007a 4500</leader><controlfield tag="001">14868616</controlfield><controlfield tag="008">861124d191u1951txuwr ne      0    0eng d</controlfield><datafield ind1=" " ind2=" " tag="010"><subfield code="a">sn 86090324 </subfield></datafield><datafield ind1=" " ind2=" " tag="040"><subfield code="a">PPM</subfield><subfield code="b">eng</subfield><subfield code="c">PPM</subfield><subfield code="d">OCLCQ</subfield></datafield><datafield ind1=" " ind2=" " tag="042"><subfield code="a">msc</subfield></datafield><datafield ind1="0" ind2="4" tag="245"><subfield code="a">The Stamford leader.</subfield></datafield><datafield ind1=" " ind2=" " tag="260"><subfield code="a">Stamford, Tex. :</subfield><subfield code="b">Inglish and Daley</subfield></datafield><datafield ind1=" " ind2=" " tag="300"><subfield code="a">v. :</subfield><subfield code="b">ill. ;</subfield><subfield code="c">56 cm.</subfield></datafield><datafield ind1=" " ind2=" " tag="310"><subfield code="a">Semiweekly</subfield></datafield><datafield ind1=" " ind2=" " tag="321"><subfield code="a">Weekly</subfield></datafield><datafield ind1="1" ind2=" " tag="362"><subfield code="a">Ceased June 1951.</subfield></datafield><datafield ind1=" " ind2=" " tag="588"><subfield code="a">Description based on: Vol. 14, no. 38 (Aug. 14, 1914).</subfield></datafield><datafield ind1=" " ind2=" " tag="752"><subfield code="a">United States</subfield><subfield code="b">Texas</subfield><subfield code="c">Jones</subfield><subfield code="d">Stamford.</subfield></datafield><datafield ind1="0" ind2="0" tag="780"><subfield code="t">Stamford news-tribune</subfield><subfield code="w">(DLC)sn 86089300</subfield></datafield><datafield ind1="0" ind2="5" tag="780"><subfield code="t">Observer (Stamford, Tex.)</subfield></datafield><datafield ind1="1" ind2="7" tag="785"><subfield code="t">Stamford American</subfield><subfield code="w">(DLC)sn 86090325</subfield></datafield><datafield ind1="1" ind2="7" tag="785"><subfield code="t">Stamford American and the Stamford leader</subfield><subfield code="w">(DLC)sn 87091230</subfield></datafield></record>